<?xml version="1.0" encoding="UTF-8"?><collection><record><leader>10074ntm a2200673 a 4500</leader><controlfield tag="001">006804533</controlfield><controlfield tag="003">MiAaHDL</controlfield><controlfield tag="005">20190719000000.0</controlfield><controlfield tag="006">m        d        </controlfield><controlfield tag="007">cr bn ---auaua</controlfield><controlfield tag="008">090528s1516    aa            00| ||per d</controlfield><datafield tag="035" ind1=" " ind2=" "><subfield code="a">(MiU)006804533</subfield></datafield><datafield tag="035" ind1=" " ind2=" "><subfield code="a">sdr-miu006804533</subfield></datafield><datafield tag="040" ind1=" " ind2=" "><subfield code="a">MiU</subfield><subfield code="c">MiU</subfield><subfield code="e">amremm</subfield></datafield><datafield tag="043" ind1=" " ind2=" "><subfield code="a">n-us-mi</subfield><subfield code="a">a-ir---</subfield></datafield><datafield tag="100" ind1="1" ind2=" "><subfield code="6">880-01</subfield><subfield code="a">Vaṣṣāf al-Ḥaz̤rat, ʻAbd Allāh ibn Faz̤l Allāh,</subfield><subfield code="d">1264 or 1265-1329?</subfield></datafield><datafield tag="240" ind1="1" ind2="0"><subfield code="6">880-02</subfield><subfield code="a">Tajziyat al-amṣār wa-tazjiyat al-Aʻṣār</subfield></datafield><datafield tag="245" ind1="1" ind2="0"><subfield code="6">880-03</subfield><subfield code="a">Kitāb Tārīkh al-Waṣṣāf al-musammá bi-Tajziyat al-amṣār wa-tazjiyat al-Aʻṣār,</subfield><subfield code="f">[922. i.e 1516].</subfield></datafield><datafield tag="246" ind1="3" ind2=" "><subfield code="i">Edge title (tail):</subfield><subfield code="a">تاريخ وصاف</subfield></datafield><datafield tag="260" ind1=" " ind2=" "><subfield code="a">[Gjirokastër,</subfield><subfield code="c">1516].</subfield></datafield><datafield tag="300" ind1=" " ind2=" "><subfield code="a">296 leaves :</subfield><subfield code="b">paper ;</subfield><subfield code="c">250 x 180 (200 x 120) mm.</subfield></datafield><datafield tag="500" ind1=" " ind2=" "><subfield code="a">Shelfmark: Ann Arbor, University of Michigan, Special Collections Library, Isl. Ms. 265</subfield></datafield><datafield tag="500" ind1=" " ind2=" "><subfield code="a">Origin: As appears in colophon on p.218, transcription of second volume completed 20 Ramaḍān 921 [ca. 28 October 1515]. As appears in colophon on p.601, copied by ʻAlī ibn Ismāʻīl ibn Ḥamzah in the city of "اركروقصرى" (i.e. Eğri Kasri, Gjirokastra, Gjirokastër in Albania) with transcription of fifth volume completed mid-Rajab 922 [August 1516].</subfield></datafield><datafield tag="500" ind1=" " ind2=" "><subfield code="a">Accompanying materials: Slip with handwritten text in script reminiscent of Greek alphabet (between pp.134-135).</subfield></datafield><datafield tag="500" ind1=" " ind2=" "><subfield code="a">Former shelfmark: "454 T. De M." [i.e. Tammaro De Marinis] in pencil on lower flyleaf (p.607).</subfield></datafield><datafield tag="500" ind1=" " ind2=" "><subfield code="a">Binding: Pasteboards covered in dark brown leather, with light brown leather over spine (rebacked) ; Type II binding (with flap, though now lost) ; board linings in pale green laid paper ; upper and lower covers carry stamped and gold-painted mandorla with orange recessed onlays (filled with vegetal decoration reminiscent of Déroche class. NSd 7) with gold-tooled rosette accents (pendants, etc.) and gold-tooled border ; sewn in cream thread, two stations ; worked chevron endbands in yellow and pink, fair condition ; overall in poor condition with entire flap lost, significant abrasion, lifting and some losses of leather, etc. ; appears to have been repaired (covers reattached) with once upper cover now lower cover ; housed in box for protection.</subfield></datafield><datafield tag="500" ind1=" " ind2=" "><subfield code="a">Support: non-European (perhaps Arab) laid paper with 8 laid lines per cm. (horizontal) and chain lines possibly grouped in threes (see p.432, 433, etc.) with 10-12 mm. between chains and 35-46 mm. between groups, thin, crisp and transluscent though sturdy, extremely well-burnished to glossy, numerous repairs (even used of marbled paper, see p.19) ; replacement leaves (pp.11-18) on European laid paper with 11 laid lines per cm. (horizontal), chain lines spaced 25 mm. apart (vertical), and watermark of scrollwork / coat of arms with three bars (see p.14, 16, etc. and compare Armoiries (16) A. Indéterminées dated 1673-1717 in Velkov, Les Filigranes dans les documents Ottomans), sturdy and well-burnished ; flyleaves and leaves set between mujallads in other European laid papers, one type with 7-8 laid lines per cm. (horizontal), chain lines spaced 27 mm. apart (vertical), and watermark of crown-star-crescent (see p.10, 608), another crown-star-crescent (see p.606) and anchor in circle (see p.118) watermarks also appear.</subfield></datafield><datafield tag="500" ind1=" " ind2=" "><subfield code="a">Decoration: Keywords, headings, abbreviation symbols, etc. rubricated ; incipit and facing page surrounded by frame consisting of gold band flanked by black fillets ; textual dividers in the form of inverted commas, three commas, etc. in red.</subfield></datafield><datafield tag="500" ind1=" " ind2=" "><subfield code="a">Script: Naskh-nastaʻlīq (talik) ; at least two distinct Turkish / Caucasian hands ; mainly in a clear naskh-nastaʻlīq (talik), compact and serifless, quite rounded, with only slight effect of words descending to baseline (occasionally more exaggerated) and some elongation of horizontal strokes, pointing (for two and three dots) in conjoined dots, point of final nūn usually joined with bowl ; headings in a serifed script reminiscent of riqāʻ with leftward tail on free-standing alif ; opening replacement leaves (pp.11-18) in a nastaʻlīq (talik) of thinner line, quite open and elongated in the horizontal, with pointing in strokes rather than distinct dots.</subfield></datafield><datafield tag="500" ind1=" " ind2=" "><subfield code="a">Layout: Written in 27 lines per page ; frame-ruled.</subfield></datafield><datafield tag="500" ind1=" " ind2=" "><subfield code="a">Collation: v, II (4), V+1 (15), 3 V(45), V+1 (56), 4 V(96), V-1 (105), 6 V(165), V+1 (176), 10 V(276), 2 IV(292), II (296), iii ; chiefly quinions ; several added leaves at opening and close of codex left blank ; catchwords present ; foliation in black ink, Hindu-Arabic numerals ; pagination in pencil, Western numerals, supplied during digitization (includes flyleaves).</subfield></datafield><datafield tag="500" ind1=" " ind2=" "><subfield code="a">Colophon: [mujallad 2] "Scribal, triangular and rectangular, in Arabic, reads: "قد تم المجلد الثاني ويتلوه المجلد الثالث كما يتلو المثاني المثالث فى يوم العشرين من شهر رمضان سنة احدى وعشرين وتسعمائة اللهم صل على سيدنا ونبينا محمد ... يا غفار يا جبار" ; [mujallad 5] "Scribal," triangular, in Arabic, reads: "ثم تم ... تم هذا المجلد الخامس من الكتاب الذي هو دستور الكتاب وليس له نظير عند العاقل البصير والعالم الخرير بمن من من ويمن بمن آمن بارسال الذي انزل عليه القرآن وتوفيق الله الذي لا يشغله شان عن شان ولا يحتاج الى الزمان والمكان ونور قلوب احبائه بنور الفرقان واسكنهم فراديس الجنان تعالى شانه اتفق الفراغ من نظم زمر لآ لى [؟] الفضل في سلك التحرير بمدينه اركرو قصرى خلد الله تعالى ملك مالكها في اليوم السبت في اواسط شهر رجب المرجب سنه اثنى وعشرين وتسعمائة على يد علي بن اسماعيل بن حمزه غفر الله لهم ولجميع المسلمين والمسلمات والمؤمنين والمؤمنات الاحياء والاموات ورحم الله لمن دعا لمصنفه ولكاتبه لصاحبه بالخير ولمن قال آمين تم تم"</subfield></datafield><datafield tag="500" ind1=" " ind2=" "><subfield code="a">Explicit: "توفيق در افاضت احسان كه كفيل عمر ثانيست لا يزال روزگار دولتيار مخدوم جهانيانر اگر امت باد شعر وهذا دعاء لو سكت كفيته لاني سألت الله قبل [فيك] وقد فعل والحمد لله رب العالمين والصلوة والسلام على رسول الله محمد وآله الطيبين"</subfield></datafield><datafield tag="500" ind1=" " ind2=" "><subfield code="a">Incipit: "حمد و ستايشى كه انوار اخلاصش آفاق و انفس را چون فاتحۀ صبح صادق متلالى سازد ..."</subfield></datafield><datafield tag="500" ind1=" " ind2=" "><subfield code="a">Title from 'title page' (p.11) where the entry for this work from Kashf al-ẓunūn has been transcribed.</subfield></datafield><datafield tag="500" ind1=" " ind2=" "><subfield code="a">Ms. codex.</subfield></datafield><datafield tag="510" ind1="4" ind2=" "><subfield code="a">Velkov, Asparouh. Les Filigranes dans les documents Ottomans: divers types d’images. Sofia: Éditions "Texte - A. Trayanov", 2005.</subfield></datafield><datafield tag="510" ind1="3" ind2=" "><subfield code="a">Pfeiffer, Judith. "'A turgid history of the Mongol empire in Persia:' espistimological reflections concerning a critical edition of Vaṣṣāf's Tajziyat al-amṣār wa-tazjiyat al-aʻṣār." In Theoretical approaches to the transmission and edition of Oriental manuscripts. Proceedings of a symposium held in Istanbul, March 28-30, 2001, Eds. Judith Pfeiffer and Manfred Kropp (Beirut: Ergon verlag Würzburg in Kommission, 2007):</subfield><subfield code="c">107-123.</subfield></datafield><datafield tag="510" ind1="4" ind2=" "><subfield code="a">Cat. Pers. MSS. Brit. Mus.,</subfield><subfield code="c">p. 161 ff.</subfield></datafield><datafield tag="520" ind1="8" ind2=" "><subfield code="a">Fine copy of Vaṣṣāf's Tajziyat al-amṣār wa-tazjiyat al-aʻṣār, a history of the Īlkhāns intended as a continuation of ʻAlāʼ al-Dīn ʻAṭā Malik Juvaynī's (d.1283) Tārīkh-i Jahāngushā (Jahān-gushāy) and renowned for its form and style. Five volumes (mujallad) in one. Contents listing appears on lower flyleaf (p.608).</subfield></datafield><datafield tag="538" ind1=" " ind2=" "><subfield code="a">Mode of access: Internet.</subfield></datafield><datafield tag="541" ind1=" " ind2=" "><subfield code="c">Purchase ;</subfield><subfield code="a">Acquired by purchase (funds donated by Horace Rackham).</subfield><subfield code="d">1924.</subfield></datafield><datafield tag="546" ind1=" " ind2=" "><subfield code="a">Persian.</subfield></datafield><datafield tag="561" ind1=" " ind2=" "><subfield code="a">Possible former inventory mark or price at head of 'title page' (p.11) ; oval seal impression on 'title page' (p.11) in name of al-Sayyid Muḥammad Nabīl, dated 1269? [1852 or 3] ; ownership statement on 'title page' (p.11) reads "من كتب الفقير موسى زاده [؟] محمد عبيد الله غفر لهما" ; circular seal impression at opening and close of each section (p.116, 119, 218, 219, 341, 345, 549, 601) in name of one Halil (خليل بن الفقير ...؟) ; numerous glosses, notabilia (side-heads), and marginal corrections ; collation marks (often cut off) in the form of "بلغ" (see p.251, etc.).</subfield></datafield><datafield tag="600" ind1="3" ind2="0"><subfield code="a">Ilkhanid dynasty</subfield><subfield code="x">History</subfield><subfield code="v">Early works to 1800.</subfield></datafield><datafield tag="650" ind1=" " ind2="0"><subfield code="a">Manuscripts, Persian</subfield><subfield code="z">Michigan</subfield><subfield code="z">Ann Arbor.</subfield></datafield><datafield tag="650" ind1=" " ind2="0"><subfield code="a">Mongols</subfield><subfield code="z">Iran</subfield><subfield code="x">History</subfield><subfield code="v">Early works to 1800.</subfield></datafield><datafield tag="651" ind1=" " ind2="0"><subfield code="a">Iran</subfield><subfield code="x">History</subfield><subfield code="y">640-1500</subfield><subfield code="v">Early works to 1800.</subfield></datafield><datafield tag="700" ind1="0" ind2=" "><subfield code="a">Abdülhamid</subfield><subfield code="b">II,</subfield><subfield code="c">Sultan of the Turks,</subfield><subfield code="d">1842-1918,</subfield><subfield code="e">former owner.</subfield></datafield><datafield tag="700" ind1="0" ind2=" "><subfield code="6">880-05</subfield><subfield code="a">Muḥammad Nabīl,</subfield><subfield code="d">fl. 1852 or 3,</subfield><subfield code="e">former owner.</subfield></datafield><datafield tag="700" ind1="0" ind2=" "><subfield code="6">880-04</subfield><subfield code="a">ʻAlī ibn Ismāʻīl ibn Ḥamzah,</subfield><subfield code="d">fl. 1516,</subfield><subfield code="e">scribe.</subfield></datafield><datafield tag="740" ind1="0" ind2=" "><subfield code="6">880-08</subfield><subfield code="a">Tārīkh-i Vaṣṣāf</subfield></datafield><datafield tag="773" ind1="0" ind2=" "><subfield code="a">Abdul Hamid Collection.</subfield></datafield><datafield tag="880" ind1="0" ind2=" "><subfield code="6">740-08/</subfield><subfield code="a">تاريخ وصاف</subfield></datafield><datafield tag="880" ind1="0" ind2=" "><subfield code="6">700-05/</subfield><subfield code="a">محمد نبيل،</subfield><subfield code="e">مالك سابق.</subfield></datafield><datafield tag="880" ind1="0" ind2=" "><subfield code="6">700-04/</subfield><subfield code="a">علي ابن اسماعيل ابن حمزة,</subfield><subfield code="e">ناسخ.</subfield></datafield><datafield tag="880" ind1="1" ind2="0"><subfield code="6">245-03/</subfield><subfield code="a">كتاب تاريخ الوصاف المسمى بتجزية الامصار وتزجية الاعصار,</subfield><subfield code="f">[922ه, 1516م].</subfield></datafield><datafield tag="880" ind1="1" ind2="0"><subfield code="6">240-02/</subfield><subfield code="a">تجزية الامصار وتزجية الاعصار</subfield></datafield><datafield tag="880" ind1="1" ind2=" "><subfield code="6">100-01/</subfield><subfield code="a">.وصاف الحضرة، عبد الله بن فضل الله</subfield></datafield><datafield tag="CID" ind1=" " ind2=" "><subfield code="a">006804533</subfield></datafield><datafield tag="DAT" ind1="0" ind2=" "><subfield code="a">20190719102636.0</subfield><subfield code="b">20190719000000.0</subfield></datafield><datafield tag="DAT" ind1="1" ind2=" "><subfield code="a">20190719090653.0</subfield><subfield code="b">2019-07-19T16:11:37Z</subfield></datafield><datafield tag="DAT" ind1="2" ind2=" "><subfield code="a">2015-10-02T18:00:03Z</subfield></datafield><datafield tag="CAT" ind1=" " ind2=" "><subfield code="a">SDR-MIU</subfield><subfield code="d">EX LIBRIS - ALEPH</subfield><subfield code="l">prepare.pl-004-008</subfield></datafield><datafield tag="FMT" ind1=" " ind2=" "><subfield code="a">BK</subfield></datafield><datafield tag="HOL" ind1=" " ind2=" "><subfield code="0">sdr-miu006804533</subfield><subfield code="a">MiU</subfield><subfield code="b">SDR</subfield><subfield code="c">MIU</subfield><subfield code="p">mdp.39015079126697</subfield><subfield code="s">MIU</subfield><subfield code="1">006804533</subfield></datafield><datafield tag="974" ind1=" " ind2=" "><subfield code="b">MIU</subfield><subfield code="c">MIU</subfield><subfield code="d">20190719</subfield><subfield code="s">lit-dlps-dc</subfield><subfield code="u">mdp.39015079126697</subfield><subfield code="y">1516</subfield><subfield code="r">pd</subfield><subfield code="q">bib</subfield><subfield code="t">non-US bib date1 &lt; 1879</subfield></datafield></record></collection>